
@article{tarboton_new_1997,
	title = {A new method for the determination of flow directions and upslope areas in grid digital elevation models},
	volume = {33},
	issn = {00431397},
	url = {10.1029/96WR03137},
	doi = {10/c7sc72},
	pages = {309--319},
	number = {2},
	journaltitle = {Water Resources Research},
	author = {Tarboton, David G.},
	urldate = {2020-12-15},
	date = {1997-02},
	langid = {english}
}

@inproceedings{fan_accelerating_2014,
	location = {Atlanta, {GA}, {USA}},
	title = {Accelerating {TauDEM} as a Scalable Hydrological Terrain Analysis Service on {XSEDE}},
	isbn = {978-1-4503-2893-7},
	url = {10.1145/2616498.2616510},
	doi = {10/ghppwm},
	eventtitle = {the 2014 Annual Conference},
	pages = {1--2},
	booktitle = {Proceedings of the 2014 Annual Conference on Extreme Science and Engineering Discovery Environment - {XSEDE} '14},
	publisher = {{ACM} Press},
	author = {Fan, Ye and Liu, Yan and Wang, Shaowen and Tarboton, David and Yildirim, Ahmet and Wilkins-Diehr, Nancy},
	urldate = {2020-12-15},
	date = {2014},
	langid = {english}
}

@inproceedings{yldrm_accelerating_2016,
	location = {Miami, {USA}},
	title = {Accelerating {TauDEM} for Extracting Hydrology Information from National-Scale High Resolution Topographic Dataset: Extended Abstract},
	isbn = {978-1-4503-4755-6},
	url = {10.1145/2949550.2949582},
	doi = {10/ghppwn},
	shorttitle = {Accelerating {TauDEM} for Extracting Hydrology Information from National-Scale High Resolution Topographic Dataset},
	eventtitle = {the {XSEDE}16},
	pages = {1--2},
	booktitle = {Proceedings of the {XSEDE}16 on Diversity, Big Data, and Science at Scale - {XSEDE}16},
	publisher = {{ACM} Press},
	author = {Yιldιrιm, Ahmet Artu and Tarboton, David and Liu, Yan and Sazib, Nazmus Shams and Wang, Shaowen},
	urldate = {2020-12-15},
	date = {2016},
	langid = {english}
}